@misc{chazal2017introduction,
    title={An introduction to Topological Data Analysis: fundamental and practical aspects for data scientists},
    author={Frédéric Chazal and Bertrand Michel},
    year={2017},
    eprint={1710.04019},
    archivePrefix={arXiv},
    primaryClass={math.ST}
}

@misc{persisthmo,
    title={Topological Persistence and Simplification.},
    author={Topological Persistence and Simplification.},
    year={2002},
    eprint={https://doi.org/10.1007/s00454-002-2885-2},
    archivePrefix={Discrete Comput Geom 28, 511–533}
}

@misc{comp_topology,
    title={Computational Topology},
    author={H. Edelsbrunner and J. Harer},
    year={2009},
    eprint={https://doi.org/10.1007/s00454-002-2885-2},
    archivePrefix={Discrete Comput. Geom 28, 511–533.}
}
@misc{stability,
    title={Stability of persistence diagrams},
    author={D. Cohen-Steiner, H. Edelsbrunner, and J. Harer},
    year={2007},
    eprint={https://doi.org/10.1007/s00454-006-1276-5},
    archivePrefix={Discrete Comput. Geom 37, 103–120}
}